@online{LicenseComp,
  author = {David A. Wheeler},
  title = {The Free-Libre / Open Source Software (FLOSS) License Slide},
  year = 2017,
  url = {https://dwheeler.com/essays/floss-license-slide.html},
}

@online{KeepalivedUbuntu14,
  author = {Justin Ellingwood},
  title = {How To Set Up Highly Available Web Servers with Keepalived and Floating IPs on Ubuntu 14.04},
  year = 2015,
  month = oct,
  url = {https://www.digitalocean.com/community/tutorials/how-to-set-up-highly-available-web-servers-with-keepalived-and-floating-ips-on-ubuntu-14-04}
}

@article{architecturemodel, 
    author = {Christensen et al.}, 
    title = {An Approach to Software Architecture Description Using UML Revision 2.0}, 
    year = 2007,
    month = 06, 
    url = {https://pure.au.dk/portal/files/15565758/christensen-corry-marius-2007.pdf}
}

@online{apispec, 
    author = {Helge Pfeiffer \& Mircea Lungu}, 
    title = {minitwit\_sim\_api.py},
    url = {https://github.com/itu-devops/lecture_notes/blob/master/sessions/session_03/API\%20Spec/minitwit_sim_api.py}
}

@online{featurebranch,
    author = {Martin Fowler},
    title = FeatureBranch,
    url = {https://martinfowler.com/bliki/FeatureBranch.html}, 
    year = 2020, 
    month = 05
}

@book{devopshandbook,
    author = {Gene Kim et al.},
    year = 2016,
    month = 10,
    url = {https://ituniversity-my.sharepoint.com/personal/ropf_itu_dk/_layouts/15/onedrive.aspx?id=\%2Fpersonal\%2Fropf\%5Fitu\%5Fdk\%2FDocuments\%2FDevOps\%2C\%20SW\%20Evolution\%20and\%20SW\%20Maintenance\%2FDevOps\%20Handbook\%20Part\%201\%2Epdf&parent=\%2Fpersonal\%2Fropf\%5Fitu\%5Fdk\%2FDocuments\%2FDevOps\%2C\%20SW\%20Evolution\%20and\%20SW\%20Maintenance&ga=1},
    note = {Distributed by lecturer so author and publishing year is taken from Google}
}
