@online{LicenseComp,
  author = {David A. Wheeler},
  title = {The Free-Libre / Open Source Software (FLOSS) License Slide},
  year = 2017,
  url = {https://dwheeler.com/essays/floss-license-slide.html},
}

@online{KeepalivedUbuntu14,
  author = {Justin Ellingwood},
  title = {How To Set Up Highly Available Web Servers with Keepalived and Floating IPs on Ubuntu 14.04},
  year = 2015,
  month = oct,
  url = {https://www.digitalocean.com/community/tutorials/how-to-set-up-highly-available-web-servers-with-keepalived-and-floating-ips-on-ubuntu-14-04}
}



